@Booklet{TSH,
  author={Erich L. Lehmann and Joseph P. Romano},
  TITLE = {Testing Statistical Hypotheses},
  year = {2008},
  publisher = {Springer},
  edition = {3}
}